@misc{ogata2021h3gmathbb,
      title={A {$H^{3}(G,{\mathbb T})$}-valued index of symmetry protected topological phases with on-site finite group symmetry for two-dimensional quantum spin systems}, 
      author={Yoshiko Ogata},
      year={2021},
      eprint={2101.00426},
      archivePrefix={arXiv},
      primaryClass={math-ph}
}

@misc{ogata2019classification,
    title={A classification of pure states on quantum spin chains satisfying the split property with on-site finite group symmetries},
    author={Yoshiko Ogata},
    year={2019},
    eprint={1908.08621},
    archivePrefix={arXiv},
    primaryClass={math.OA}
}

@article{kapustin2021classification,
	title={A classification of invertible phases of bosonic quantum lattice systems in one dimension},
	volume={62},
	ISSN={1089-7658},
	url={http://dx.doi.org/10.1063/5.0055996},
	DOI={10.1063/5.0055996},
	number={8},
	journal={Journal of Mathematical Physics},
	publisher={AIP Publishing},
	author={Kapustin, Anton and Sopenko, Nikita and Yang, Bowen},
	year={2021},
	month={Aug},
	pages={081901} }

@misc{https://doi.org/10.48550/arxiv.2202.11758,
  doi = {10.48550/ARXIV.2202.11758},
  url = {https://arxiv.org/abs/2202.11758},
  author = {Jappens, Tijl},
  keywords = {Mathematical Physics (math-ph), Statistical Mechanics (cond-mat.stat-mech), Quantum Physics (quant-ph), FOS: Physical sciences, FOS: Physical sciences},
  title = {SPT indices emerging from translation invariance in two dimensional quantum spin systems},
  publisher = {arXiv},
  year = {2022},
  copyright = {Creative Commons Attribution 4.0 International}
}

@misc{https://doi.org/10.48550/arxiv.2204.03763,
  doi = {10.48550/ARXIV.2204.03763},
  url = {https://arxiv.org/abs/2204.03763},
  author = {Bachmann, Sven and De Roeck, Wojciech and Fraas, Martin and Jappens, Tijl},
  keywords = {Mathematical Physics (math-ph), Quantum Physics (quant-ph), FOS: Physical sciences, FOS: Physical sciences},
  title = {A classification of $G$-charge Thouless pumps in 1D invertible states},
  publisher = {arXiv},
  year = {2022},
  copyright = {arXiv.org perpetual, non-exclusive license}
}